@inproceedings{o2014hardness,
  title={Hardness of robust graph isomorphism, lasserre gaps, and asymmetry of random graphs},
  author={O'Donnell, Ryan and Wright, John and Wu, Chenggang and Zhou, Yuan},
  publisher={SIAM}
  booktitle={Twenty-Fifth Annual ACM-SIAM Symposium on Discrete Algorithms (SODA'14)}
  year={2014}
}
