@article{rothvoss2013lasserre,
  title={The Lasserre hierarchy in Approximation algorithms},
  author={Rothvo{\ss}, Thomas},
  year={2013}
}
@inproceedings{charikar2009integrality,
  title={Integrality gaps for Sherali-Adams relaxations},
  author={Charikar, Moses and Makarychev, Konstantin and Makarychev, Yury},
  booktitle={Proceedings of the 41st annual ACM symposium on Theory of computing},
  pages={283--292},
  year={2009},
  organization={ACM}
}
@article{goemans1995improved,
  title={Improved approximation algorithms for maximum cut and satisfiability problems using semidefinite programming},
  author={Goemans, Michel X and Williamson, David P},
  journal={Journal of the ACM (JACM)},
  volume={42},
  number={6},
  pages={1115--1145},
  year={1995},
  publisher={ACM}
}
