% This file was created with JabRef 2.6.
% Encoding: Cp1252

@ARTICLE{balas1996gomory,
  author = {Balas, E. and Ceria, S. and Cornu{\'e}jols, G. and Natraj, N.},
  title = {Gomory cuts revisited},
  journal = {Operations Research Letters},
  year = {1996},
  volume = {19},
  pages = {1--9},
  number = {1},
  date-added = {2014-01-17 12:55:57 +0000},
  date-modified = {2014-01-17 12:55:57 +0000},
  publisher = {Elsevier}
}

@BOOK{bochnak1987satz,
  title = {Geometrie Algebrique Reelle},
  publisher = {Springer-verlag},
  year = {1987},
  author = {Bochnak and coste and Roy},
  owner = {marann},
  timestamp = {2014.02.07}
}

@BOOK{boyd2004convexoptimization,
  title = {Convex Optimization},
  publisher = {Cambridge University Press},
  year = {2004},
  author = {Boyd, Stephen and Vandenberghe, Lieven},
  owner = {marann},
  timestamp = {2014.02.04}
}

@ARTICLE{buresh2006rank,
  author = {Buresh-Oppenheim, J. and Nicola Galesi and Shlomo Hoory and Magen,
	A. and Toniann Pitassi},
  title = {Rank bounds and integrality gaps for cutting planes procedures},
  journal = {Theory of Computing},
  year = {2006},
  volume = {2},
  pages = {65--90},
  number = {4},
  date-added = {2014-01-17 12:58:52 +0000},
  date-modified = {2014-01-17 12:58:52 +0000},
  publisher = {Citeseer}
}

@ARTICLE{chan2013approximate,
  author = {Chan, Siu On and Lee, James R and Raghavendra, Prasad and Steurer,
	David},
  title = {Approximate constraint satisfaction requires large lp relaxations},
  journal = {arXiv preprint arXiv:1309.0563},
  year = {2013},
  date-added = {2014-01-17 12:57:27 +0000},
  date-modified = {2014-01-17 12:57:27 +0000},
  keywords = {linear programming, sherali-adams, extended formulation}
}

@INPROCEEDINGS{charikar2009integrality,
  author = {Charikar, Moses and Makarychev, Konstantin and Makarychev, Yury},
  title = {Integrality gaps for Sherali-Adams relaxations},
  booktitle = {Proceedings of the 41st annual ACM symposium on Theory of computing},
  year = {2009},
  pages = {283--292},
  organization = {ACM},
  date-added = {2014-01-17 12:57:54 +0000},
  date-modified = {2014-01-17 12:57:54 +0000}
}

@INCOLLECTION{chlamtac2012convex,
  author = {Chlamt{\'a}{\v{c}}, E. and Tulsiani, M.},
  title = {Convex relaxations and integrality gaps},
  booktitle = {Handbook on Semidefinite, Conic and Polynomial Optimization},
  publisher = {Springer},
  year = {2012},
  pages = {139--169},
  date-added = {2014-01-17 12:55:20 +0000},
  date-modified = {2014-01-17 12:55:20 +0000}
}

@BOOK{dantzig1998linear,
  title = {Linear programming and extensions},
  publisher = {Princeton university press},
  year = {1998},
  author = {Dantzig, George B}
}

@INPROCEEDINGS{fiorini2012linear,
  author = {Fiorini, Samuel and Massar, S. and Pokutta, S. and Tiwary, H.R. and
	de Wolf, R.},
  title = {Linear vs. semidefinite extended formulations: exponential separation
	and strong lower bounds},
  booktitle = {Proceedings of the 44th symposium on Theory of Computing},
  year = {2012},
  pages = {95--106},
  organization = {ACM},
  date-added = {2014-01-18 13:34:08 +0000},
  date-modified = {2014-01-18 13:34:08 +0000}
}

@BOOK{gartner2012approximation,
  title = {Approximation algorithms and semidefinite programming},
  publisher = {Springer},
  year = {2012},
  author = {Gartner, Bernd and Matousek, Jiri},
  date-added = {2014-01-27 14:37:07 +0000},
  date-modified = {2014-01-27 14:37:07 +0000}
}

@ARTICLE{gomory1958outline,
  author = {Gomory, Ralpha E.},
  title = {Outline of an algorithm for integer solutions to linear programs},
  journal = {Bulletin of the American Mathematical Society},
  year = {1958},
  volume = {64},
  pages = {275--278},
  number = {5},
  date-added = {2014-01-17 12:55:57 +0000},
  date-modified = {2014-01-17 12:55:57 +0000}
}

@ARTICLE{grigoriev2001knapsack,
  author = {Grigoriev, Dima},
  title = {Complexity of Positivstellensatz proofs for the knapsack},
  journal = {computational complexity},
  year = {2001},
  volume = {10},
  pages = {139--154},
  number = {2},
  date-added = {2014-01-17 12:58:22 +0000},
  date-modified = {2014-01-17 12:58:22 +0000},
  publisher = {Springer}
}

@ARTICLE{grigoriev2001linear,
  author = {Grigoriev, Dima},
  title = {Linear lower bound on degrees of Positivstellensatz calculus proofs
	for the parity},
  journal = {Theoretical Computer Science},
  year = {2001},
  volume = {259},
  pages = {613--622},
  number = {1},
  date-added = {2014-01-17 12:58:24 +0000},
  date-modified = {2014-01-17 12:58:24 +0000},
  publisher = {Elsevier}
}

@ARTICLE{GrigorievHP2002,
  author = {D. Grigoriev and E. A. Hirsch and D. V. Pasechnik},
  title = {Complexity of semi-algebraic proofs},
  journal = {Moscow Mathematical Journal},
  year = {2002},
  volume = {2},
  pages = {647--679},
  number = {4},
  date-added = {2014-01-17 12:58:22 +0000},
  date-modified = {2014-01-17 12:58:22 +0000}
}

@ARTICLE{grigoriev2001complexity,
  author = {Grigoriev, Dima and Vorobjov, Nicolai},
  title = {Complexity of Null-and Positivstellensatz proofs},
  journal = {Annals of Pure and Applied Logic},
  year = {2001},
  volume = {113},
  pages = {153--160},
  number = {1},
  date-added = {2014-01-17 12:58:22 +0000},
  date-modified = {2014-01-17 12:58:22 +0000},
  publisher = {Elsevier}
}

@MISC{gupta2011lecture12,
  author = {Anupam Gupta and Ryan O'Donnell},
  title = {Linear and Semidefinite Programming (Advanced Algorithms) Fall 2011},
  howpublished = {\url{http://www.cs.cmu.edu/afs/cs.cmu.edu/academic/class/15859-f11/www/notes/lecture12.pdf}},
  year = {2011},
  note = {Lecture 12},
  date-added = {2014-01-27 15:56:31 +0000},
  date-modified = {2014-01-27 15:59:07 +0000}
}

@INCOLLECTION{karp1972NPhard,
  author = {Karp},
  title = {Reducibility among combinatorial problems},
  booktitle = {Complexity of Computer Computations},
  publisher = {Plenum Press},
  year = {1972},
  owner = {marann},
  timestamp = {2014.02.06}
}

@ARTICLE{lasserre2001globalOpt,
  author = {Lasserre},
  title = {Global Optimization with Polynomials and the Problem of Moments},
  journal = {SIAM Journal on Optimization},
  year = {2001},
  volume = {11},
  pages = {796-817},
  owner = {marann},
  timestamp = {2014.02.07}
}

@ARTICLE{lasserre2001explicit,
  author = {Lasserre, J.},
  title = {An explicit exact SDP relaxation for nonlinear 0-1 programs},
  journal = {Integer Programming and Combinatorial Optimization},
  year = {2001},
  pages = {293--303},
  date-added = {2014-01-17 12:58:03 +0000},
  date-modified = {2014-01-17 12:58:03 +0000},
  publisher = {Springer}
}

@ARTICLE{laurent01,
  author = {Monique Laurent},
  title = {A comparison of the Sherali-Adams, Lov{\'a}sz-Schrijver and Lasserre
	relaxations for 0-1 programming},
  journal = {Mathematics of Operations Research},
  year = {2001},
  volume = {28},
  pages = {470--496},
  date-added = {2014-01-17 12:57:27 +0000},
  date-modified = {2014-01-17 12:57:27 +0000},
  keywords = {sherali-adams, lasserre}
}

@ARTICLE{lovasz1991cones,
  author = {Lov{\'a}sz, L. and Schrijver, A.},
  title = {Cones of matrices and set-functions and 0--1 optimization},
  journal = {SIAM Journal on Optimization},
  year = {1991},
  volume = {1},
  pages = {166},
  date-added = {2014-01-18 13:33:42 +0000},
  date-modified = {2014-01-18 13:33:42 +0000}
}

@INCOLLECTION{lovasz2003semidefinite,
  author = {Lov{\'a}sz, L{\'a}szl{\'o}},
  title = {Semidefinite programs and combinatorial optimization},
  booktitle = {Recent advances in algorithms and combinatorics},
  publisher = {Springer},
  year = {2003},
  pages = {137--194},
  date-added = {2014-01-27 00:03:23 +0000},
  date-modified = {2014-01-27 00:03:23 +0000}
}

@BOOK{matousek2007understanding,
  title = {Understanding and using linear programming},
  publisher = {Springer},
  year = {2007},
  author = {Ji\v{r}\'\i\ Matou\v{s}ek and Bernd G{\"a}rtner},
  address = {Berlin New York},
  date-modified = {2014-01-17 12:54:57 +0000},
  isbn = {978-3540306979}
}

@INCOLLECTION{motzkin1967sos,
  author = {Motzkin},
  title = {The arithmetic-geometric inequality},
  booktitle = {Inequalities ({P}roc. {S}ympos. {W}right-{P}atterson {A}ir {F}orce
	{B}ase, {O}hio, 1965)},
  publisher = {Academic Press},
  year = {1967},
  owner = {marann},
  timestamp = {2014.02.06}
}

@INBOOK{doi:10.1137/1.9781611973402.120,
  chapter = {120},
  pages = {1659-1677},
  title = {Hardness of Robust Graph Isomorphism, Lasserre Gaps, and Asymmetry
	of Random Graphs},
  year = {2014},
  author = {O'Donnell, R. and Wright, J. and Wu, C. and Zhou, Y.},
  bdsk-url-1 = {http://epubs.siam.org/doi/abs/10.1137/1.9781611973402.120},
  bdsk-url-2 = {http://dx.doi.org/10.1137/1.9781611973402.120},
  booktitle = {Proceedings of the Twenty-Fifth Annual ACM-SIAM Symposium on Discrete
	Algorithms},
  date-added = {2014-01-27 12:50:09 +0000},
  date-modified = {2014-01-27 12:50:19 +0000},
  doi = {10.1137/1.9781611973402.120},
  eprint = {http://epubs.siam.org/doi/pdf/10.1137/1.9781611973402.120},
  url = {http://epubs.siam.org/doi/abs/10.1137/1.9781611973402.120}
}

@ARTICLE{poljak1995maximumcut,
  author = {Poljak and Tuza},
  title = {Maximum cuts and largest bipartite subgraphs},
  journal = {Combinatorial Optimization},
  year = {1995},
  volume = {20},
  owner = {marann},
  timestamp = {2014.02.06}
}

@INPROCEEDINGS{raghavendra2009integrality,
  author = {Raghavendra, Prasad and Steurer, David},
  title = {Integrality gaps for strong SDP relaxations of unique games},
  booktitle = {Foundations of Computer Science, 2009. FOCS'09. 50th Annual IEEE
	Symposium on},
  year = {2009},
  pages = {575--585},
  organization = {IEEE},
  date-added = {2014-01-17 12:58:43 +0000},
  date-modified = {2014-01-17 12:58:43 +0000}
}

@UNPUBLISHED{lasserresurvey2013,
  author = {Rothvo{\ss}, Thomas},
  title = {The Lasserre hierarchy in Approximation algorithms},
  note = {Lecture Notes for the MAPSP 2013 Tutorial (preliminary version)},
  year = {2013},
  date-added = {2014-01-17 12:56:14 +0000},
  date-modified = {2014-01-17 12:56:14 +0000},
  keywords = {lasserre, sum of squares, integer programming, optimization}
}

@INPROCEEDINGS{schoenebeck2008linear,
  author = {Schoenebeck, Grant},
  title = {Linear level Lasserre lower bounds for certain k-CSPs},
  booktitle = {Foundations of Computer Science, 2008. FOCS'08. IEEE 49th Annual
	IEEE Symposium on},
  year = {2008},
  pages = {593--602},
  organization = {IEEE},
  date-added = {2014-01-17 12:58:10 +0000},
  date-modified = {2014-01-17 12:58:10 +0000}
}

@ARTICLE{sherali1990hierarchy,
  author = {Sherali, H.D. and Adams, W.P.},
  title = {A hierarchy of relaxations between the continuous and convex hull
	representations for zero-one programming problems},
  journal = {SIAM Journal on Discrete Mathematics},
  year = {1990},
  volume = {3},
  pages = {411--430},
  date-added = {2014-01-17 12:57:27 +0000},
  date-modified = {2014-01-17 12:57:27 +0000},
  keywords = {sherali-adams}
}

@ARTICLE{snook2014graph,
  author = {Snook, Aaron and Schoenebeck, Grant and Codenotti, Paolo},
  title = {Graph Isomorphism and the Lasserre Hierarchy},
  journal = {arXiv preprint arXiv:1401.0758},
  year = {2014},
  date-added = {2014-01-27 12:41:06 +0000},
  date-modified = {2014-01-27 12:41:06 +0000}
}

